@BOOK{tata,
  author       = {Hubert Comon and
                  Max Dauchet and
                  Remi Gilleron and
                  Christof L\"oding and
                  Florent Jacquemard and
                  Denis Lugiez and
                  Sophie Tison and
                  Marc Tommasi},
  title        = {Tree Automata Techniques and Applications},
  year         = {2008},
}

@ARTICLE{thatcher-mst-68,
  author       = {James W. Thatcher and
                  Jesse B. Wright},
  title        = {Generalized Finite Automata Theory with an Application to
                  a Decision Problem of Second-Order Logic},
  journal      = {Mathematical Systems Theory},
  volume       = {2},
  number       = {1},
  year         = {1968},
  pages        = {57--81},
}
@comment{
  note         = {equivalence wsks TA},
}

@TECHREPORT{buchi,
  author       = {Julius Richard B\"uchi},
  title        = {Weak Second-Order Arithmetic and Finite Automata},
  institution  = {The University of Michigan},
  year         = {1959},
  note         = {Available at URL: \url{http://hdl.handle.net/2027.42/3930} (October 2015)}
}
@comment{
	note         = {equivalence of WS1S and finite automata}
}

@INPROCEEDINGS{glenn-wia-96,
  author       = {James Glenn and William Gasarch},
  title        = {Implementing {WS1S} via Finite Automata},
  booktitle    = {Workshop on Implementing Automata},
  year         = {1996},
  publisher    = {Springer},
  series       = {Lecture Notes in Computer Science},
  volume       = {1260},
  pages        = {50--63},
  editor       = {Darrell R. Raymond and Derick Wood and Sheng Yu},
}
@comment{
  note         = {prvni pokus implementace ws1s},
}

@INPROCEEDINGS{ws1s:nonelementary,
  author       = {Albert R. Meyer},
  title        = {Weak Monadic Second Order Theory of Successor Is Not
                  Elementary-recursive},
  booktitle    = {Logic Colloquium---Symposium on Logic Held at Boston,
                  1972--73},
  year         = {1972},
  publisher    = {Springer},
  series       = {Lecture Notes in Mathematics},
  volume       = {453},
  pages        = {132--154},
  editor       = {Rohit Parikh},
}
@comment{
  note         = {wsks je nonelementary},
}

@INPROCEEDINGS{mona:95,
  author       = {Jesper G. Henriksen and
                  Jakob L. Jensen and
                  Michael E. J{\o}rgensen and
                  Nils Klarlund and
                  Robert Paige and
                  Theis Rauhe and
                  Anders Sandholm},
  title        = {Mona: Monadic Second-Order Logic in Practice},
  booktitle    = {{TACAS}'95},
  year         = {1995},
  publisher    = {Springer},
  series       = {Lecture Notes in Computer Science},
  volume       = {1019},
  pages        = {89--110},
  editor       = {Ed Brinksma and
                  Rance Cleaveland and
                  Kim Guldstrand Larsen and
                  Tiziana Margaria and
                  Bernhard Steffen},
}



@inproceedings{mayr:advanced,
  author    = {Richard Mayr and
               Lorenzo Clemente},
  title     = {Advanced automata minimization},
  booktitle = {POPL 2013},
  year      = {2013},
  pages     = {63--74},
  publisher = {{ACM}},
  isbn      = {978-1-4503-1832-7},
}



@INPROCEEDINGS{antichains2,
  author       = {Parosh Aziz Abdulla and
                  Yu-Fang Chen and
                  Luk\'{a}\v{s} Hol\'{i}k and
                  Richard Mayr and
                  Tom\'{a}\v{s} Vojnar},
  title        = {When Simulation Meets Antichains (On Checking Language
                  Inclusion of Nondeterministic Finite (Tree) Automata)},
  booktitle    = {Tools and Algorithms for the Construction and Analysis of
                  Systems},
  year         = {2010},
  publisher    = {Springer},
  series       = {Lecture Notes in Computer Science},
  volume       = {6015},
  pages        = {158-174},
  editor       = {Javier Esparza and
                  Rupak Majumdar},
}

@Manual{mona:manual,
  author =       {Nils Klarlund and Anders M{\o}ller},
  title =        {{MONA Version 1.4 User Manual}},
  organization = {BRICS, Department of Computer Science, Aarhus University},
  month =        {January},
  year =         {2001},
  note =         {Notes Series NS-01-1.
                  Available from \url{http://www.brics.dk/mona/}. 
                  Revision of BRICS NS-98-3},
}


@INPROCEEDINGS{mona,
  author       = {Jacob Elgaard and Nils Klarlund and Anders M{\o}ller},
  title        = {{MONA} 1.x: new techniques for {WS1S} and {WS2S}},
  organization = {BRICS, Department of Computer Science, Aarhus University},
  booktitle    = {{CAV} 1998},
  year         = {1998},
  pages        = {516--520},
  series       = {Lecture Notes in Computer Science},
  volume       = {1427},
  publisher    = {Springer},
}


@inproceedings{strand2,
  author    = {P. Madhusudan and
               Xiaokang Qiu},
  title     = {Efficient Decision Procedures for Heaps Using {STRAND}},
  booktitle = {{SAS} 2011},
  year      = {2011},
  pages     = {43--59},
  series    = {Lecture Notes in Computer Science},
  volume    = {6887},
  publisher = {Springer},
}

@inproceedings{strand1,
  author    = {P. Madhusudan and
               Gennaro Parlato and
               Xiaokang Qiu},
  title     = {Decidable logics combining heap structures and data},
  booktitle = {{POPL} 2011},
  year      = {2011},
  pages     = {611--622},
  publisher = {{ACM}},
  isbn      = {978-1-4503-0490-0},
}



@inproceedings{adam,
  author    = {Radu Iosif and
               Adam Rogalewicz and
               Jir{\'{\i}} {\v{S}}im{\'{a}}{\v{c}}ek},
  title     = {The Tree Width of Separation Logic with Recursive Definitions},
  booktitle = {{CADE 2013}},
  year      = {2013},
  pages     = {21--38},
  series    = {Lecture Notes in Computer Science},
  volume    = {7898},
  publisher = {Springer},
  isbn      = {978-3-642-38573-5},
}

@inproceedings{regsy,
  author    = {Jad Hamza and
               Barbara Jobstmann and
               Viktor Kuncak},
  title     = {Synthesis for regular specifications over unbounded domains},
  booktitle = {{FMCAD} 2010},
  year      = {2010},
  pages     = {101--109},
  publisher = {{IEEE}},
}

@article{hip/sleek,
  author    = {Wei{-}Ngan Chin and
               Cristina David and
               Huu Hai Nguyen and
               Shengchao Qin},
  title     = {Automated verification of shape, size and bag properties via user-defined
               predicates in separation logic},
  journal   = {Sci. Comput. Program.},
  year      = {2012},
  volume    = {77},
  number    = {9},
  pages     = {1006--1036},
  url       = {http://dx.doi.org/10.1016/j.scico.2010.07.004},
  doi       = {10.1016/j.scico.2010.07.004},
  timestamp = {Wed, 08 Oct 2014 00:03:43 +0200},
  biburl    = {http://dblp.uni-trier.de/rec/bib/journals/scp/ChinDNQ12},
  bibsource = {dblp computer science bibliography, http://dblp.org}
}

@inproceedings{jahob,
  author    = {Karen Zee and
               Viktor Kuncak and
               Martin C. Rinard},
  title     = {Full functional verification of linked data structures},
  booktitle = {POPL 2008},
  year      = {2008},
  pages     = {349--361},
  publisher = {{ACM}},
  isbn      = {978-1-59593-860-2},
}


@INPROCEEDINGS{wulf:antichains,
  author    = {Martin De Wulf and
               Laurent Doyen and
               Thomas A. Henzinger and
               Jean-Fran\c{c}ois Raskin},
  title     = {Antichains: A New Algorithm for Checking Universality of
               Finite Automata},
  booktitle = {CAV'06},
  year      = {2006},
  pages     = {17-30},
  publisher = {Springer},
  series    = {LNCS},
  volume    = {4144},
  ee        = {http://dx.doi.org/10.1007/11817963_5},
  bibsource = {DBLP, http://dblp.uni-trier.de}
}

@INPROCEEDINGS{doyen:antichain,
  author    = {Laurent Doyen and
               Jean-Fran\c{c}ois Raskin},
  title     = {Antichain Algorithms for Finite Automata},
  booktitle = {Proc. of TACAS'10},
  year      = {2010},
  pages     = {2-22},
  ee        = {http://dx.doi.org/10.1007/978-3-642-12002-2_2},
  publisher = {Springer},
  series    = {LNCS},
  volume    = {6015},
  bibsource = {DBLP, http://dblp.uni-trier.de}
}

%@INPROCEEDINGS{bouajjani:antichain,
  author    = {Ahmed Bouajjani and
               Peter Habermehl and
               Luk{\'a}{\v s} Hol\'{\i}k and
               Tayssir Touili and
               Tom{\'a}{\v s} Vojnar},
  title     = {Antichain-Based Universality and Inclusion Testing over
               Nondeterministic Finite Tree Automata},
  booktitle = {Proc. of CIAA'08},
  year      = {2008},
  pages     = {57-67},
  publisher = {Springer},
  series    = {LNCS},
  volume    = {5148},
  ee        = {http://dx.doi.org/10.1007/978-3-540-70844-5_7},
  bibsource = {DBLP, http://dblp.uni-trier.de}
}


%@INPROCEEDINGS{antichains,
  author    = {Parosh Aziz Abdulla and
               Yu-Fang Chen and
               Luk{\'a\v s} Hol{\'\i}k and
               Richard Mayr and
               Tom{\'a\v s} Vojnar},
  title     = {When Simulation Meets Antichains (on Checking Language Inclusion of {NFAs})},
  booktitle = {Proc. of TACAS'10},
  year      = {2010},
  pages     = {158-174},
  publisher = {Springer},
  series    = {LNCS},
  volume    = {6015},
  ee        = {http://dx.doi.org/10.1007/978-3-642-12002-2_14},
  bibsource = {DBLP, http://dblp.uni-trier.de}
}

%@inproceedings{abdulla:computing,
  author    = {Parosh Aziz Abdulla and
               Ahmed Bouajjani and
               Luk{\'a\v s} Hol\'{\i}k and
               Lisa Kaati and
               Tom{\'a\v s} Vojnar},
  title     = {Computing Simulations over Tree Automata: Efficient Techniques 
                for Reducing Tree Automata},
  booktitle = {Proc. of TACAS'08},
  year      = {2008},
  publisher = {Springer},
  series    = {LNCS},
  volume    = {4963},
  pages     = {93-108},
  ee        = {http://dx.doi.org/10.1007/978-3-540-78800-3_8},
  bibsource = {DBLP, http://dblp.uni-trier.de}
}

@inproceedings{bonchi:congruence,
  author    = {Filippo Bonchi and
               Damien Pous},
  title     = {Checking {NFA} equivalence with bisimulations up to congruence},
  booktitle = {{POPL}'13},
  year      = {2013},
  pages     = {457--468},
  publisher = {{ACM}},
}

@inproceedings{kaiser,
  author    = {Tobias Ganzow and
               Lukasz Kaiser},
  title     = {New Algorithm for Weak Monadic Second-Order Logic on Inductive Structures},
  booktitle = {{CSL} 2010},
  year      = {2010},
  pages     = {366--380},
  series    = {Lecture Notes in Computer Science},
  volume    = {6247},
  publisher = {Springer},
}

%@article{abdulla:uniform,
  author    = {Parosh Aziz Abdulla and
               Luk{\'{a}}s Hol{\'{\i}}k and
               Lisa Kaati and
               Tom{\'{a}}s Vojnar},
  title     = {A Uniform (Bi-)Simulation-Based Framework for Reducing Tree Automata},
  journal   = {Electr. Notes Theor. Comput. Sci.},
  year      = {2009},
  volume    = {251},
  pages     = {27--48},
}


@inproceedings{kuncak:trex,
  author    = {Thomas Wies and
               Marco Mu{\~{n}}iz and
               Viktor Kuncak},
  title     = {An Efficient Decision Procedure for Imperative Tree Data Structures},
  booktitle = {CADE 2011},
  year      = {2011},
  pages     = {476--491},
  series    = {Lecture Notes in Computer Science},
  volume    = {6803},
  isbn      = {978-3-642-22437-9},
  publisher = {Springer},
  editor    = {Nikolaj Bj{\o}rner and Viorica Sofronie-Stokkermans},
  doi       = {10.1007/978-3-642-22438-6_36},
  url       = {http://dx.doi.org/10.1007/978-3-642-22438-6_36},
}

@inproceedings{VATA,
  author    = {Ond\v{r}ej Leng\'{a}l and
               Ji\v{r}\'{i} \v{S}im\'{a}\v{c}ek and
               Tom\'{a}\v{s} Vojnar},
  title     = {{VATA}: A Library for Efficient Manipulation of
               Non-Deterministic Tree Automata},
  booktitle = {Proc.\ of TACAS'12},
  publisher = {Springer},
  series    = {Lecture Notes in Computer Science},
  volume    = {7214},
  year      = {2012},
  pages     = {79--94}
}


@inproceedings{bustan:simulation,
  author    = {Doron Bustan and
               Orna Grumberg},
  title     = {Simulation Based Minimization},
  booktitle = {CADE'00},
  year      = {2000},
  pages     = {255--270},
  series    = {Lecture Notes in Computer Science},
  volume    = {1831},
  publisher = {Springer},
  isbn      = {3-540-67664-3},
  timestamp = {Sat, 18 Oct 2014 09:22:35 +0200},
  biburl    = {http://dblp.uni-trier.de/rec/bib/conf/cade/2000},
  bibsource = {dblp computer science bibliography, http://dblp.org}
}

@misc{dwina:tool,
 author     = {Tom\'{a}\v{s} Fiedor and
               Luk{\'{a}}s Hol{\'{\i}}k and 
               Ond\v{r}ej Leng\'{a}l},
 title      = {\texttt{dWiNA}},
 year       = {2014},
 note       = {Available from \url{http://www.fit.vutbr.cz/research/groups/verifit/tools/dWiNA/}.}
}

@inproceedings{dwina,
 author     = {Tom\'{a}\v{s} Fiedor and
               Luk{\'{a}}s Hol{\'{\i}}k and 
               Ond\v{r}ej Leng\'{a}l and
               Tom\'{a}\v{s} Vojnar},
 title      = {Nested Antichains for {WS1S}},
 booktitle  = {Proc.\ of TACAS'15},
 series     = {LNCS},
 volume     = {9035},
 year       = {2015},
 publisher  = {Springer},
}



@article{habermehl:forest,
  author    = {Peter Habermehl and
               Luk{\'{a}}s Hol{\'{\i}}k and
               Adam Rogalewicz and
               Jir{\'{\i}} \v{S}im{\'{a}}\v{c}ek and
               Tom{\'{a}}s Vojnar},
  title     = {Forest automata for verification of heap manipulation},
  journal   = {Formal Methods in System Design},
  year      = {2012},
  volume    = {41},
  number    = {1},
  pages     = {83--106},
  url       = {http://dx.doi.org/10.1007/s10703-012-0150-8},
  doi       = {10.1007/s10703-012-0150-8},
  timestamp = {Sat, 18 Oct 2014 21:14:02 +0200},
  biburl    = {http://dblp.uni-trier.de/rec/bib/journals/fmsd/HabermehlHRSV12},
  bibsource = {dblp computer science bibliography, http://dblp.org}
}


@INPROCEEDINGS{traytel,
  author =  {Dmitriy Traytel},
  title = {A Coalgebraic Decision Procedure for {WS1S}},
  booktitle = {24th EACSL Annual Conference on Computer Science Logic (CSL 2015)},
  pages = {487--503},
  series =  {Leibniz International Proceedings in Informatics (LIPIcs)},
  ISBN =  {978-3-939897-90-3},
  ISSN =  {1868-8969},
  year =  {2015},
  volume =  {41},
  editor =  {Stephan Kreutzer},
  publisher = {Schloss Dagstuhl--Leibniz-Zentrum fuer Informatik},
  address = {Dagstuhl, Germany},
  URL =   {http://drops.dagstuhl.de/opus/volltexte/2015/5433},
  URN =   {urn:nbn:de:0030-drops-54335},
  doi =   {http://dx.doi.org/10.4230/LIPIcs.CSL.2015.487},
}

@inproceedings{jmosel,
  author   = {Christian Topnik and 
              Eva Wilhelm and
              Tiziana Margaria and
              Bernhard Steffen},
  title    = {{jMosel}: A Stand-Alone Tool and {jABC} Plugin for {M2L(Str)}},
  booktitle= {13th International {SPIN} Workshop},
  series   = {Lecture Notes in Computer Science},
  year     = {2006},
  isbn     = {978-3-540-33102-5},
  volume   = {3925},
  editor   = {Antti Valmari},
  doi      = {10.1007/11691617_18},
  url      = {http://dx.doi.org/10.1007/11691617_18},
  publisher= {Springer Berlin Heidelberg},
  pages    = {293-298},
  language = {English}
}

@article{mona:secrets,
  author    = {Nils Klarlund and
               Anders M\o{}ller and
               Michael I.\ Schwartzbach},
  title     = {{MONA} Implementation Secrets},
  journal   = {International Journal of Foundations of Computer Science},
  year      = {2002},
  volume    = {13},
  number    = {4},
  pages     = {571--586},
  publisher = {World Scientific},
}

@inproceedings{mona:relativization,
  author    = {Nils Klarlund},
  title     = {A~Theory of Restrictions for Logics and Automata},
  booktitle = {Proc.\ of CAV'99},
  series    = {LNCS},
  year      = {1999},
  volume    = {1633},
  pages     = {406--417},
  publisher = {Springer}
}

@inproceedings{jmosel:dag,
  author   = {Tiziana Margaria and
              Bernhard Steffen and
              Christian Topnik},
  title    = {Second-Order Value Numbering},
  booktitle= {Proc.\ of {GraMoT} 2010},
  series   = {ECEASST},
  year     = {2010},
  volume   = {30},
  publisher= {EASST},
  pages    = {1--15},
  language = {English}
}

@article{nerode,
 ISSN = {00029939, 10886826},
 URL = {http://www.jstor.org/stable/2033204},
 author = {A. Nerode},
 journal = {Proceedings of the American Mathematical Society},
 number = {4},
 pages = {541-544},
 publisher = {American Mathematical Society},
 title = {Linear Automaton Transformations},
 volume = {9},
 year = {1958}
}

http://web.engr.illinois.edu/~qiu2/strand/
@misc{strandbench,
  author    = {P. Madhusudan and
               Gennaro Parlato and
               Xiaokang Qiu},
  title = {Strand benchmark},
  howpublished = {\url{http://web.engr.illinois.edu/~qiu2/strand/}},
  note = {Accessed: 2014-01-29}
}
